@book{Lebensmittelanalytik,
author={R. Matissek and G. Steiner and M. Fischer},
title={Lebensmittelanalytik},
year={2014},
publisher={Springer Spektrum},
adress={Berlin}
}

@article{Winkler,
  author    = {O. Winkler},
  title     = {Beitrag zum Nachweis von Oxymethylfurfurol in Honig und Kunsthonig},
  journal   = {Zeitschrift für Lebensmittel-Untersuchung und -Forschung},
  volume    = {102},
  number    = {3},
  year      = {1955},
  pages     = {161-167},
}
@online{HMF,
	author = {E. Sandor},
  title = {Bienenproukte},
  year = 2013,
  howpublished = {\url{http://www.chids.de/dachs/wiss_hausarbeiten/Bienenprodukte_Sandor.pdf}},
  note = {Abgerufen am 20.05.2015}
}

@online{Resorcinnachweis,
	title = {Station 4: HMF},
  howpublished = {\url{http://www.fwg-singen.de/uploads/NWT-Stuetzpunkt/Bienen/13-Station%204%20HMF%20in%20Honig.doc}},
  note = {Abgerufen am 20.05.2015}
}

@online{Patent,
	author = {B. Wagner and S. Beil-Seidler},
  title = {Mittel und Verfahren zum Nachweis von Furfuralen },
  year = 2007,
	publisher={Google Patents},
  howpublished = {\url{http://www.google.de/patents/EP1800118A1?cl=de}},
  note = {Abgerufen am 20.05.2015}
}

@misc{Merck,
	author = {Merck},
  title = {Hydroxymethylfurfural (HMF) - Test},
  year = 2013,
	publisher={Merck KGaA},
}

@online{BfR,
  title = {5-HMF-Gehalte in Lebensmitteln sind 
nach derzeitigem wissenschaftlichen 
Kenntnisstand gesundheit
lich unproblematisch},
  year = 2011,
	publisher={Bundesamt für Risikobewertung},
  howpublished = {\url{http://www.bfr.bund.de/cm/343/5_hmf_gehalte_in_lebensmitteln_sind_nach_derzeitigem_wissenschaftlichen_kenntnisstand_gesundheitlich_unproblematisch.pdf}},
  note = {Abgerufen am 25.05.2015}
}

@online{LWG,
  title = {Inhaltsstoffe von Honig},
	publisher={Bayrische Landesanstalt für Weinbau und Gartenbau},
  howpublished = {\url{http://www.lwg.bayern.de/mam/cms06/bienen/dateien/inhaltsstoffe_von_honig.pdf}},
  note = {Abgerufen am 25.05.2015}
}

@online{UV-VIS,
  title = {UV-VIS},
	publisher={II. Physikalisches Institut},
	adress={Göttingen},
  howpublished = {\url{http://physik2.uni-goettingen.de/research/2_hofs/methods/uvvis}},
  note = {Abgerufen am 25.05.2015}
}

@online{Schema,
  title = {Funktionsprinzip eines Absorptionsspektrometers},
	publisher={Uni Bielefeld},
	howpublished = {\url{http://www.uni-bielefeld.de/chemie/lehre/basispc/media/Spektrometer/}},
  note = {Abgerufen am 25.05.2015}
}

@misc{Bienen,
	author = {A. Klein},
  title = {Schnuffelbienchen},
  year = 2015,
}

@book{Imkern,
author={Dr. G. Liebig},
title={Einfach imkern},
year={2011},
publisher={druckpunkt tübingen GbR},
adress={Tübingen}
}
